@article{arora2014privacy,
  title={Privacy and security in mobile health (mHealth) research},
  author={Arora, Shifali and Yttri, Jennifer and Nilsen, Wendy},
  journal={Alcohol research: current reviews},
  volume={36},
  number={1},
  pages={143},
  year={2014},
  publisher={National Institute on Alcohol Abuse and Alcoholism}
}
