@article{huckvale2015unaddressed,
  title={Unaddressed privacy risks in accredited health and wellness apps: a cross-sectional systematic assessment},
  author={Huckvale, Kit and Prieto, Jos{\'e} Tom{\'a}s and Tilney, Myra and Benghozi, Pierre-Jean and Car, Josip},
  journal={BMC medicine},
  volume={13},
  number={1},
  pages={1},
  year={2015},
  publisher={BioMed Central}
}
