@article{lewis2014mhealth,
  title={mHealth and mobile medical Apps: a framework to assess risk and promote safer use},
  author={Lewis, Thomas Lorchan and Wyatt, Jeremy C},
  journal={Journal of medical Internet research},
  volume={16},
  number={9},
  pages={e210},
  year={2014},
  publisher={JMIR Publications Inc., Toronto, Canada}
}
